% Encoding: UTF-8
@book{Goodfellow-et-al-2016,
    title={Deep Learning},
    author={Ian Goodfellow and Yoshua Bengio and Aaron Courville},
    publisher={MIT Press},
    note={\url{http://www.deeplearningbook.org}},
    year={2016}
}

@misc{Python,
        title = {Python Software Foundation, Python Language Reference, version
                3.7. Available at},
        note = {\url{http://www.python.org/},
                accessed {15/05/19}}
}

Comment{jabref-meta: databaseType:bibtex;}
